
@misc{noauthor_cardiac_nodate,
	title = {{CARDIAC}},
	url = {https://www.cs.drexel.edu/~bls96/museum/cardiac.html},
	urldate = {2021-09-18},
	file = {CARDIAC:/home/oszwaldo/Zotero/storage/P25MNNXK/cardiac.html:text/html},
}
